<?xml version='1.0' encoding='UTF-8'?>
<record xmlns="http://www.loc.gov/MARC21/slim">
  <leader>01140cam a2200253Ma 4500</leader>
  <controlfield tag="001">1538381</controlfield>
  <controlfield tag="003">NjP</controlfield>
  <controlfield tag="005">20170619131212.0</controlfield>
  <controlfield tag="008">900904m19291972ua            000 0 araod</controlfield>
  <datafield tag="024" ind1="7" ind2=" ">
    <subfield code="a">princeton_aco002280</subfield>
    <subfield code="2">local</subfield>
  </datafield>
  <datafield ind1=" " ind2=" " tag="010">
    <subfield code="a">ne 68002184  </subfield>
  </datafield>
  <datafield ind1=" " ind2=" " tag="035">
    <subfield code="a">(OCoLC)ocm22693823</subfield>
  </datafield>
  <datafield ind1=" " ind2=" " tag="035">
    <subfield code="9">CEU5175TS</subfield>
  </datafield>
  <datafield ind1=" " ind2=" " tag="040">
    <subfield code="a">DRB</subfield>
    <subfield code="c">DRB</subfield>
    <subfield code="d">PUL</subfield>
  </datafield>
  <datafield ind1="0" ind2=" " tag="050">
    <subfield code="a">DT96</subfield>
    <subfield code="b">.I387</subfield>
  </datafield>
  <datafield ind1="1" ind2=" " tag="100">
    <subfield code="a">Ibn Taghrībirdī, Abū al-Maḥāsin Yūsuf,</subfield>
    <subfield code="d">1411-1470.</subfield>
    <subfield code="0">http://id.loc.gov/authorities/names/n84200890</subfield>
  </datafield>
  <datafield ind1="1" ind2="3" tag="245">
    <subfield code="a">al-Nujūm al-zāhirah fī mulūk Miṣr wa-al-Qāhirah /</subfield>
    <subfield code="c">ta'līf Jamāl al-Dīn Abī al-Maḥāsin Yūsuf ibn Taghrī Birdī al-Atābikī.</subfield>
  </datafield>
  <datafield ind1=" " ind2=" " tag="260">
    <subfield code="a">al-Qāhirah :</subfield>
    <subfield code="b">[s.n.] ;</subfield>
    <subfield code="c">1929-1972.</subfield>
  </datafield>
  <datafield ind1=" " ind2=" " tag="300">
    <subfield code="a">16 v. ;</subfield>
    <subfield code="c">29 cm.</subfield>
  </datafield>
  <datafield ind1=" " ind2=" " tag="500">
    <subfield code="a">At head of title : Dār al-Kutub al-Miṣrīyah. al-Qism al-Adabī.</subfield>
  </datafield>
  <datafield ind1=" " ind2=" " tag="590">
    <subfield code="a">Vols. 13-16 published by al-Hayʾah al-Miṣrīyah al-ʻĀmmah lil-Taʾlīf wa al-Nashr.</subfield>
  </datafield>
  <datafield ind1=" " ind2="0" tag="651">
    <subfield code="a">Egypt</subfield>
    <subfield code="x">History</subfield>
    <subfield code="y">640-1882.</subfield>
    <subfield code="0">http://id.loc.gov/authorities/subjects/sh85041292</subfield>
  </datafield>
  <datafield ind1="2" ind2=" " tag="710">
    <subfield code="a">Dār al-Kutub al-Miṣrīyah.</subfield>
    <subfield code="b">Qism al-Adabī.</subfield>
  </datafield>
  <datafield ind1=" " ind2=" " tag="947">
    <subfield code="a">CEU5175</subfield>
  </datafield>
  <datafield ind1=" " ind2=" " tag="911">
    <subfield code="a">20000130</subfield>
  </datafield>
  <datafield ind1="0" ind2="1" tag="852">
    <subfield code="0">1771689</subfield>
    <subfield code="b">nec</subfield>
    <subfield code="t">1</subfield>
    <subfield code="h">DT96</subfield>
    <subfield code="i">.I387 1929</subfield>
  </datafield>
  <datafield ind1=" " ind2="0" tag="866">
    <subfield code="0">1771689</subfield>
    <subfield code="8">0</subfield>
    <subfield code="a">v.1-16</subfield>
  </datafield>
  <datafield ind1=" " ind2=" " tag="959">
    <subfield code="a">2000-06-13 00:00:00 -0400</subfield>
  </datafield>
</record>
